%***********************************************************************
%
% \UTF{20AC}\UTF{00B3}\UTF{20AC}\UTF{00CE}\UTF{00B7}\UTF{00C1}\UTF{0152}°\UTF{20AC}\UTF{00C7}\UTF{0153}\UTF{00F1}\UTF{20AC}\UTF{00AF}\UTF{20AC}\UTF{00C8}\UTF{00A1}\UTF{20AC}\UTF{00BB}\UTF{00B2}\UTF{00B9}\UTF{00CD}\UTF{00CA}\UTF{017E}\UTF{017E}¥
%\UTF{20AC}\UTF{00F2}\UTF{0178}\UTF{00A1}\UTF{0152}\UTF{00EA}\UTF{20AC}\UTF{00CB}\UTF{00BB}\UTF{00B2}\UTF{0178}\UTF{00C8}\UTF{0153}\UTF{00E7}\UTF{20AC}\UTF{00CB}¥\UTF{0153}\UTF{00A1}\UTF{0152}¥\UTF{00C8}\UTF{20AC}\UTF{00B7}\UTF{20AC}\UTF{00C6}\UTF{20AC}\UTF{00AF}\UTF{20AC}\UTF{00EC}\UTF{20AC}\UTF{00EB}\UTF{20AC}\UTF{00CE}\UTF{20AC}\UTF{00C7}\UTF{00CA}\UTF{00D8}\UTF{00CD}\UTF{00F8}\UTF{20AC}\UTF{00C7}\UTF{20AC}\UTF{00B9}\UTF{00A1}¥
%    \UTF{0178}\UTF{00DC}\UTF{20AC}\UTF{00B7}\UTF{20AC}\UTF{20AC}¥\UTF{00D5}¥\UTF{00A9}\UTF{00A1}\UTF{0152}¥\UTF{00DE}¥\UTF{00C3}¥\UTF{00C8}¢\UTF{00AA}\UTF{20AC}°\UTF{20AC}°\UTF{20AC}\UTF{00EC}\UTF{20AC}\UTF{00AB}\UTF{20AC}\UTF{00B9}%
%
%***********************************************************************

@book{1983_Ibaraki,
	author="",
	title="",
	publisher="",
	year="1983",
}

@webpage{test1,
	author="",
	title="",
	url="http://google.co.jp",
	refdate="2015-01-30",
}

@article{test22,
	author="",
	title="",
	volume="4",
	number="6",
	pages="3-5",
	year="1983",
}

