
@article{1jigen_sfm1,
  title={一次元歩行者モデルを用いた高速避難シミュレータの開発とその応用},
  author={山下倫央 and 副田俊介 and 大西正輝 and 依田育士 and 野田五十樹 and others},
  journal={情報処理学会論文誌},
  volume={53},
  number={7},
  pages={1732--1744},
  year={2012}
}


@article{1jigen_sfm2,
  title={一次元歩行者モデルを用いた高速避難シミュレータの開発とその応用},
  author={山下倫央 and 副田俊介 and 大西正輝 and 依田育士 and 野田五十樹},
  journal={情報処理学会論文誌},
  volume={53},
  number={7},
  pages={1732--1744},
  year={2012}
}

@ARTICLE{2010-dq,
  title     = "一次元歩行者モデルを用いた高速避難シミュレータの開発",
  author    = "山下倫央， 大西正輝， 依田育士, 副田俊介， and {others}",
  journal   = "研究報告数理モデル化",
  publisher = "ipsj.ixsq.nii.ac.jp",
  year      =  2010
}

@ARTICLE{2012-vf,
  title     = "一次元歩行者モデルを用いた高速避難シミュレータの開発とその応用",
  author    = "副田俊介， 大西正輝， 依田育士, 山下倫央， and {others}",
  journal   = "情報処理学会",
  publisher = "ipsj.ixsq.nii.ac.jp",
  year      =  2012
}
